<?xml version="1.0" encoding="UTF-8"?><collection xmlns="http://www.loc.gov/MARC21/slim"><record><leader>00439nam--2200181-i-4500</leader><controlfield tag="001">000006814</controlfield><controlfield tag="002">20161230</controlfield><controlfield tag="005">20161230201027</controlfield><controlfield tag="008">060222s1000------------r-----000-0-rus-d</controlfield><datafield ind1=" " ind2=" " tag="040"><subfield code="a">IFIN-HH</subfield></datafield><datafield ind1=" " ind2=" " tag="041"><subfield code="a">rus</subfield></datafield><datafield ind1=" " ind2=" " tag="080"><subfield code="a">539.1.075(075)</subfield></datafield><datafield ind1="1" ind2=" " tag="100"><subfield code="a">Titovici, A.P</subfield></datafield><datafield ind1="1" ind2="0" tag="245"><subfield code="a">Iadernaia elektronika</subfield><subfield code="c">A.p. titovici</subfield></datafield><datafield ind1=" " ind2=" " tag="260"><subfield code="a">Moskva</subfield><subfield code="b">Energoatomizdat</subfield><subfield code="c">1984</subfield></datafield><datafield ind1=" " ind2=" " tag="300"><subfield code="a">407P</subfield></datafield><datafield ind1=" " ind2=" " tag="852"><subfield code="a">72715</subfield><subfield code="c">539</subfield></datafield><datafield ind1=" " ind2=" " tag="CAT"><subfield code="a">Sys</subfield><subfield code="c">20111013</subfield><subfield code="h">125727</subfield></datafield></record></collection>